@STRING{NF = {Nucl. Fusion}}

@STRING{NIM = {Nucl. Instr. and Meth.}}

@STRING{PoF = {Phys. Fluids}}

@STRING{PoP = {Phys. Plasmas}}

@STRING{PPCF = {Plasma Phys. Control. Fusion}}

@STRING{PRL = {Phys. Rev. Lett.}}

@STRING{REVMOD = {Rev. Mod. Phys.}}

@STRING{REVSCI = {Rev. Sci. Instrum.}}






@ARTICLE{Lutjens:Comput1996,
  author = {H. L\"utjens and A. Bondeson and O. Sauter},
  journal = {Comput. Phys. Commun.},
  year = {1996},
  volume = {97},
  pages = {219},
}


@ARTICLE{Lutjens:Comput1992,
  author = {H. L\"utjens and A. Bondeson and A. Roy},
  journal = {Comput. Phys. Commun.},
  year = {1992},
  volume = {69},
  pages = {287},
}

@ARTICLE{Gruber:Comput1981,
  author = {R. Gruber \textit{et al.}},
  journal = {Comput. Phys. Commun.},
  year = {1981},
  volume = {21},
  pages = {323},
}
