% BASIS =============================================================================================================================================

% title = {Gradient-driven flux-tube simulations of ion temperature gradient turbulence close to the non-linear threshold},
@article{Peeters2016,
    author = {Peeters,A. G.  and Rath,F.  and Buchholz,R.  and Camenen,Y.  and Candy,J.  and Casson,F. J.  and Grosshauser,S. R.  and Hornsby,W. A.  and Strintzi,D.  and Weikl,A. },
    journal = {Phys. Plasmas},
    volume = {23},
    pages = {082517},
    number = {8},
    year = {2016},
    url = {https://doi.org/10.1063/1.4961231},
}

% title = {Analysis of zonal flow pattern formation and the modification of staircase states by electron dynamics in gyrokinetic near marginal turbulence},
@article{Rath2021,
    author = {Rath,F.  and Peeters,A. G.  and Weikl,A. },
    journal = {Phys. Plasmas},
    volume = {28},
    number = {7},
    pages = {072305},
    year = {2021},
    url = {https://doi.org/10.1063/5.0054358},
}

% title = {Comparison of gradient and flux driven gyro-kinetic turbulent transport},
@article{Rath2016,
    author = {Rath,F.  and Peeters,A. G.  and Buchholz,R.  and Grosshauser,S. R.  and Migliano,P.  and Weikl,A.  and Strintzi,D. },
    journal = {Phys. Plasmas},
    volume = {23},
    pages = {052309},
    number = {5},
    year = {2016},
    URL = {https://doi.org/10.1063/1.4952621},
}

@article{Seiferling2019,
    author = {Seiferling, F. and Peeters, A. G. and Grosshauser, S. R. and Rath, F. and Weikl, A.},
    journal = {Phys. Plasmas},
    volume = {26},
    number = {10},
    year = {2019},
    month = {10},
    url = {https://doi.org/10.1063/1.5120903},
    pages = {102306}
}

% ADDITIONAL ========================================================================================================================================

% title = {How the Propagation of Heat-Flux Modulations Triggers $E\mathbf{\ifmmode\times\else\texttimes\fi{}}B$ Flow Pattern Formation},
@article{Kosuga2013,
  author = {Kosuga, Y. and Diamond, P. H. and G\"urcan, \"O. D.},
  journal = {Phys. Rev. Lett.},
  volume = {110},
  issue = {10},
  pages = {105002},
  numpages = {5},
  year = {2013},
  month = {Mar},
  publisher = {American Physical Society},
  doi = {10.1103/PhysRevLett.110.105002},
  url = {https://link.aps.org/doi/10.1103/PhysRevLett.110.105002}
}

%title = {Ion temperature gradient turbulence close to the finite heat flux threshold},
@article{Weikl2017,
    author = {Weikl,A.  and Peeters,A. G.  and Rath,F.  and Grosshauser,S. R.  and Buchholz,R.  and Hornsby,W. A.  and Seiferling,F.  and Strintzi,D. },
    journal = {Phys. Plasmas},
    volume = {24},
    number = {10},
    pages = {102317},
    year = {2017},
    URL = {https://doi.org/10.1063/1.4986035},
}

% title = {Global gyrokinetic ion temperature gradient turbulence simulations of ITER},
@article{Villard2013,
    doi = {10.1088/0741-3335/55/7/074017},
    url = {https://dx.doi.org/10.1088/0741-3335/55/7/074017},
    year = {2013},
    month = {jun},
    publisher = {IOP Publishing},
    volume = {55},
    number = {7},
    pages = {074017},
    author = {L Villard and P Angelino and A Bottino and S Brunner and S Jolliet and B F McMillan and T M Tran and T Vernay},
    journal = {Plasma Physics and Controlled Fusion},
}


% title = {Avalanchelike bursts in global gyrokinetic simulations},
@article{McMillan2009,
    author = {McMillan,B. F.  and Jolliet,S.  and Tran,T. M.  and Villard,L.  and Bottino,A.  and Angelino,P. },
    journal = {Phys. Plasmas},
    volume = {16},
    number = {2},
    pages = {022310},
    year = {2009},
    doi = {10.1063/1.3079076},
    URL = {https://doi.org/10.1063/1.3079076},
}


% title = {Effects of light impurities on zonal flow activities and turbulent thermal transport},
@article{Seo2022,
    author = {Seo,Janghoon  and Jhang,Hogun  and Kwon,Jae-Min },
    journal = {Phys. Plasmas},
    volume = {29},
    number = {5},
    pages = {052502},
    year = {2022},
    doi = {10.1063/5.0086587},
    URL = {https://doi.org/10.1063/5.0086587},
}

% title = {Finding the Elusive $\mathbf{E}\times\mathbf{B}$ Staircase in Magnetized Plasmas},
@article{Pradalier2015,
  author = {Dif-Pradalier, G. and Hornung, G. and Ghendrih, Ph. and Sarazin, Y. and Clairet, F. and Vermare, L. and Diamond, P. H. and Abiteboul, J. and Cartier-Michaud, T. and Ehrlacher, C. and Est\`eve, D. and Garbet, X. and Grandgirard, V. and G\"urcan, \"O. D. and Hennequin, P. and Kosuga, Y. and Latu, G. and Maget, P. and Morel, P. and Norscini, C. and Sabot, R. and Storelli, A.},
  journal = {Phys. Rev. Lett.},
  volume = {114},
  issue = {8},
  pages = {085004},
  numpages = {5},
  year = {2015},
  month = {Feb},
  publisher = {American Physical Society},
  doi = {10.1103/PhysRevLett.114.085004},
  url = {https://link.aps.org/doi/10.1103/PhysRevLett.114.085004},
}

% title = {Statistical study for ITG turbulent transport in flux-driven tokamak plasmas based on global gyro-kinetic simulation},
@article{Wang2020,
    doi = {10.1088/1741-4326/ab7892},
    url = {https://dx.doi.org/10.1088/1741-4326/ab7892},
    year = {2020},
    month = {apr},
    publisher = {IOP Publishing},
    volume = {60},
    number = {6},
    pages = {066010},
    author = {W. Wang and Y. Kishimoto and K. Imadera and H.R. Liu and J.Q. Li and M. Yagi and Z.X. Wang},
    journal = {Nuclear Fusion},
}

% title = {Transport events and E$\times$B staircase in flux-driven gyrokinetic simulation of ion temperature gradient turbulence},
@article{Kim2022,
    year = {2022},
    volume = {81},
    pages = {636},
    author = {Y. J. Kim and K. Imadera and Y. Kishimoto and T. S. Hahm},
    journal = {Journal of the Korean Physical Society },
    url = {https://doi.org/10.1007/s40042-022-00580-1},
}

% title = {Characteristics of constrained turbulent transport in flux-driven toroidal     plasmas},
@article{Kishimoto2023,
    author = {Kishimoto, Y.  and Imadera, K.  and Ishizawa, A.  and Wang, W.  and Li, J. Q. },
    journal = {Philosophical Transactions of the Royal Society A: Mathematical, Physical and Engineering Sciences},
    volume = {381},
    number = {2242},
    pages = {20210231},
    year = {2023},
    doi = {10.1098/rsta.2021.0231},
    URL = {https://royalsocietypublishing.org/doi/abs/10.1098/rsta.2021.0231},
}

@article{Hamada1958,
    author = {S. Hamada},
    journal = {Kakuyugo Kenkyu},
    volume = {1},
    pages = {542},
    year = {1958},
}

% title = {Toroidal gyro-Landau fluid modelturbulence simulations in a nonlinearballooning mode representation with radial modes},
@article{Waltz1994,
    author = {Waltz,R. E.  and Kerbel,G. D.  and Milovich,J. },
    journal = {Phys. Plasmas},
    volume = {1},
    pages = {2229},
    year = {1994},
    doi = {10.1063/1.870934},
    url = {https://doi.org/10.1063/1.870934},
}

% title = {The nonlinear gyro-kinetic flux tube code GKW},
% doi = {10.1016/j.cpc.2009.07.001},
@article {Peeters2009,
    author = {Peeters,A. G. and Camenen,Y. and Casson,F. J. and Hornsby,W. A. and Snodin,A. P. and Strintzi,D. and Szepesi, G.},
    journal = {Comput. Phys. Commun.},
    volume = {180},
    pages = {2650},
    year = {2009},
    url = {https://doi.org/10.1016/j.cpc.2009.07.001},
}

% title = {On the validity of the local diffusive paradigm in turbulent plasma transport},
% doi = {10.1103/PhysRevE.82.025401},
@article{Pradalier2010,
    author = {Dif-Pradalier,G. and Diamond,P. H. and Grandgirard,V. and Sarazin,Y. and Abiteboul,J. and Garbet,X. and Ghendrih,Ph. and Strugarek,A. and Ku,S. and Chang,C. S.},
    journal = {Phys. Rev. E},
    volume = {82},
    pages = {025401},
    year = {2010},
    url = {http://dx.doi.org/10.1103/PhysRevE.82.025401},
}

% title = {Influence of sheared poloidal rotation on edge turbulence},
@article{Biglari1990,
	author = {Biglari,H.  and Diamond,P. H.  and Terry,P. W. },
	journal = {Phys. Fluids B: Plasma Physics},
	volume = {2},
	number = {1},
	pages = {1-4},
	year = {1990},
	doi = {10.1063/1.859529},
	urtle = {Influence of sheared poloidal rotation on edge turbulence},
}

% title = {Flow shear induced fluctuation suppression in finite aspect ratio shaped tokamak plasma},
@article{Hahm1995,
	author = {Hahm,T. S.  and Burrell,K. H. },
	journal = {Phys. Plasmas},
	volume = {2},
	number = {5},
	pages = {1648-1651},
	year = {1995},
	url = {https://doi.org/10.1063/1.871313},
}

% title = {Effects of EÃ—B velocity shear and magnetic shear on turbulence and transport in magnetic confinement devices},
@article{Burnell1997,
	author = {Burrell,K. H. },
	journal = {Phys. Plasmas},
	volume = {4},
	number = {5},
	pages = {1499-1518},
	year = {1997},
	url = {https://doi.org/10.1063/1.872367},
}

% title = {Theory and simulation of rotational shear stabilization of turbulence},
@article{Waltz1998,
	author = {Waltz,R. E.  and Dewar,R. L.  and Garbet,X. },
	journal = {Phys. Plasmas},
	volume = {5},
	number = {5},
	pages = {1784-1792},
	year = {1998},
	url = {https://doi.org/10.1063/1.872847},
}

% title = {Gyrokinetic turbulence simulations at high plasma beta},
@article{Pueschel2008,
	author = {Pueschel,M. J.  and Kammerer,M.  and Jenko,F. },
	journal = {Phys. Plasmas},
	volume = {15},
	number = {10},
	pages = {102310},
	year = {2008},
	url = {https://doi.org/10.1063/1.3005380},
}

