% Citation for Brief Communication

% BASIS =============================================================================================================================================

%%% Mostly referenced paper
@article{doi:10.1063/1.4961231,
    author = {Peeters,A. G.  and Rath,F.  and Buchholz,R.  and Camenen,Y.  and Candy,J.  and Casson,F. J.  and Grosshauser,S. R.  and Hornsby,W. A.  and Strintzi,D.  and Weikl,A. },
    title = {Gradient-driven flux-tube simulations of ion temperature gradient turbulence close to the non-linear threshold},
    journal = {Phys. Plasmas},
    volume = {23},
    pages = {082517},
    number = {8},
    year = {2016},
    URL = {https://doi.org/10.1063/1.4961231},
}

% ADDITIONAL ========================================================================================================================================

@article{doi:10.1063/1.4952621,
    author = {Rath,F.  and Peeters,A. G.  and Buchholz,R.  and Grosshauser,S. R.  and Migliano,P.  and Weikl,A.  and Strintzi,D. },
    title = {Comparison of gradient and flux driven gyro-kinetic turbulent transport},
    journal = {Phys. Plasmas},
    volume = {23},
    pages = {052309},
    number = {5},
    year = {2016},
    URL = {https://doi.org/10.1063/1.4952621},
}


@article{doi:10.1063/5.0054358,
    author = {Rath,F.  and Peeters,A. G.  and Weikl,A. },
    title = {Analysis of zonal flow pattern formation and the modification of staircase states by electron dynamics in gyrokinetic near marginal turbulence},
    journal = {Phys. of Plasmas},
    volume = {28},
    number = {7},
    pages = {072305},
    year = {2021},
    URL = {https://doi.org/10.1063/5.0054358},
}

@article{doi:10.1063/1.4986035,
    author = {Weikl,A.  and Peeters,A. G.  and Rath,F.  and Grosshauser,S. R.  and Buchholz,R.  and Hornsby,W. A.  and Seiferling,F.  and Strintzi,D. },
    title = {Ion temperature gradient turbulence close to the finite heat flux threshold},
    journal = {Phys. Plasmas},
    volume = {24},
    number = {10},
    pages = {102317},
    year = {2017},
    URL = {https://doi.org/10.1063/1.4986035},
}

@article{doi:10.1063/1.871264,
    author = {Waltz,R. E.  and Kerbel,G. D.  and Milovich,J.  and Hammett,G. W. },
    title = {Advances in the simulation of toroidal gyro‐Landau fluid model turbulence},
    journal = {Physics of Plasmas},
    volume = {2},
    number = {6},
    pages = {2408-2416},
    year = {1995},
    URL = {https://doi.org/10.1063/1.871264},
}


% More about simultaions
@article{Garbet2010,
	url = {https://doi.org/10.1088/0029-5515/50/4/043002},
	year = {2010},
	month = {mar},
	publisher = {{IOP} Publishing},
	volume = {50},
	number = {4},
	author = {Garbet,X. and Idomura,Y. and Villard,L. and Watanabe, T. H.},
	title = {Gyrokinetic simulations of turbulent transport},
	journal = {Nuclear Fusion},
	abstract = {This overview is an assessment of the gyrokinetic framework and simulations to compute turbulent transport in fusion plasmas. It covers an introduction to the gyrokinetic theory, the principal numerical techniques which are being used to solve the gyrokinetic equations, fundamentals in gyrokinetic turbulence and the main results which have been brought by simulations with regard to transport in fusion devices and fluctuation measurements.}
}

% CITATION FROM BASIS ===============================================================================================================================

%% I. INTRODUCTION ==================================================================================================================================

% Ref1-1
%%% Evolution and causes for ITG, Dimits-Shift and Ion Lamor Radius 

@article{doi:10.1063/1.873896,
    author = {Dimits,A. M.  and Bateman,G.  and Beer,M. A.  and Cohen,B. I.  and Dorland,W.  and Hammett,G. W.  and Kim,C.  and Kinsey,J. E.  and Kotschenreuther,M.  and Kritz,A. H.  and Lao,L. L.  and Mandrekas,J.  and Nevins,W. M.  and Parker,S. E.  and Redd,A. J.  and Shumaker,D. E.  and Sydora,R.  and Weiland,J. },
    title = {Comparisons and physics basis of tokamak transport models and turbulence simulations},
    journal = {Phys. of Plasmas},
    volume = {7},
    number = {3},
    pages = {969-983},
    year = {2000},
    URL = {https://doi.org/10.1063/1.873896},
}



% Ref1-2
%%% Non linear interactins generate zonal flow which stabilize turbulence with shear stabilization

% title = {Nonlinear behavior and turbulence spectra of drift waves and Rossby waves},
@article {doi:10.1063/1.862504,
    author = {Hasegawa,A. and Maclennan,C. G. and Kodama,Y.},
    journal = {Phys. Fluids},
    volume = {22},
    pages = {2122},
    year = {1979},
    url = {https://doi.org/10.1063/1.862504},
}

% Ref1-3
%%% Non linear interactins generate zonal flow which stabilize turbulence with shear stabilization

% title = {Toroidal gyro-Landau fluid modelturbulence simulations in a nonlinearballooning mode representation with radial modes},
@article{doi:10.1063/1.870934,
    author = {Waltz,R. E.  and Kerbel,G. D.  and Milovich,J. },
    journal = {Phys. Plasmas},
    volume = {1},
    pages = {2229},
    year = {1994},
    doi = {10.1063/1.870934},
    url = {https://doi.org/10.1063/1.870934},
}

% Ref1-4
%%% Non linear interactins generate zonal flow which stabilize turbulence with shear stabilization

% title = {Zonal flows in plasma—a review},
@article {Diamond2005,
    author = {Diamond,P. H. and Itoh,S.-I. and Itoh,K. and Hahm,T. S.},
    journal = {Plasma Phys. Controlled Fusion},
    volume = {47},
    pages = {R35},
    year = {2005},
    url = {https://doi.org/10.1088/0741-3335/47/5/r01},
}

%% II. Numerical-Setup ==============================================================================================================================

% Ref1-6
%%% GKW-Code (add Bitbucket code?)

% title = {The nonlinear gyro-kinetic flux tube code GKW},
@article {Peeters20092650,
    author = {Peeters,A. G. and Camenen,Y. and Casson,F. J. and Hornsby,W. A. and Snodin,A. P. and Strintzi,D. and Szepesi, G.},
    journal = {Comput. Phys. Commun.},
    volume = {180},
    pages = {2650},
    year = {2009},
    url = {https://doi.org/10.1016/j.cpc.2009.07.001},
}

% Ref1-8
%%% Role of dissipation on simulation: Small dissipation have no impact of fluxes (insensitive)
%%% resolution requirements active field of research  

% title = {Phys. Plasmas 13, 032310 (2006); https://doi.org/10.1063/1.218406913, 032310© 2006 American Institute of Physics.Velocity-space resolution, entropyproduction, and upwind dissipation inEulerian gyrokinetic simulations},
@article {doi:10.1063/1.2184069,
    author = {Candy,J. and Waltz,R. E.},
    journal = {Phys. Plasmas},
    volume = {13},
    pages = {032310},
    year = {2006},
    url = {https://doi.org/10.1063/1.2184069},
}

% Ref1-9
%%% resolution requirements active field of research 

% title = {Velocity–space structures of distribution function in toroidal ion temperature gradient turbulence},
@article {Watanabe2006,
    author = {Watanabe,T.-H. and Sugama,H.},
    journal = {Nucl. Fusion},
    volume = {46},
    pages = {24},
    year = {2006},
    url = {https://dx.doi.org/10.1088/0029-5515/46/1/003},
}

% Ref1-10
%%% resolution requirements active field of research 

% title = {Nonlinear Phase Mixing and Phase-Space Cascade of Entropy in Gyrokinetic Plasma Turbulence},
@article{PhysRevLett.103.015003,
    author = {Tatsuno,T. and Dorland,W. and Schekochihin,A. A. and Plunk,G. G. and Barnes,M. and Cowley,S. C. and Howes,G. G.},
    journal = {Phys. Rev. Lett.},
    volume = {103},
    pages = {015003},
    year = {2009},
    url = {http://dx.doi.org/10.1103/PhysRevLett.103.015003},
}

% Ref1-11
%%% resolution requirements active field of research 

% title = {Critically Balanced Ion Temperature Gradient Turbulence in Fusion Plasmas},
@article{PhysRevLett.107.115003,
    author = {Barnes,M. and Parra,F. I. and Schekochihin,A. A.},
    journal = {Phys. Rev. Lett.},
    volume = {107},
    pages = {115003},
    year = {2011},
    url = {http://dx.doi.org/10.1103/PhysRevLett.107.115003},
}

% IV. HIGH RESOLUTION/LOW DISSIPATION ===============================================================================================================

% Ref1-14
%%% GYRO Code for benchmark 

% title = {An Eulerian gyrokinetic-Maxwell solver},
@article{Candy2003545,
    author = {Candy,J. and Waltz,R. E.},
    journal = {J. Comput. Phys.},
    volume = {186},
    pages = {545},
    year = {2003},
    url = {http://dx.doi.org/10.1016/S0021-9991(03)00079-2},
}

% VI. ZONAL FLOW EVOLUTION ==========================================================================================================================

% Ref1-18
%%% long wavelength zonal flow generation is likely related to modultaion instability

% title = {Zonal flow generation by parametric instability in magnetized plasmas and geostrophic fluids},
@article {doi:10.1063/1.873950,
    author = {Smolyakov,A. I. and Diamond,P. H. and Shevchenko,A. I.},
    journal = {Phys. Plasmas},
    volume = {7},
    pages = {1349},
    year = {2000},
    url = {https://doi.org/10.1063/1.873950},
}

% Ref1-19
%%% long wavelength zonal flow generation is likely related to modultaion instability

% title = {Excitation of zonal flow by drift waves in toroidal plasmas},
@article {doi:10.1063/1.874222,
    author = {Chen,L. and Lin,Z. and White,R.},
    journal = {Phys. Plasmas},
    volume = {7},
    pages = {3129},
    year = {2000}, 
    url = {https://doi.org/10.1063/1.874222}
}

% Ref1-20
%%% Zonal flow amplitude is related threshold behaviour for the Kelvin Helmholtz instability

% title = {Generation and Stability of Zonal Flows in Ion-Temperature-Gradient Mode Turbulence},
@article{PhysRevLett.85.5336,
    author = {Rogers,B. N. and Dorland,W. and Kotschenreuther,M.},
    journal = {Phys. Rev. Lett.},
    volume = {85},
    pages = {5336},
    year = {2000},
    url = {http://dx.doi.org/10.1103/PhysRevLett.85.5336},
}

% Ref1-24
%%% Staircase structure in GYSELA simulations

% title = {On the validity of the local diffusive paradigm in turbulent plasma transport},
@article{PhysRevE.82.025401,
    author = {Dif-Pradalier,G. and Diamond,P. H. and Grandgirard,V. and Sarazin,Y. and Abiteboul,J. and Garbet,X. and Ghendrih,Ph. and Strugarek,A. and Ku,S. and Chang,C. S.},
    journal = {Phys. Rev. E},
    volume = {82},
    pages = {025401},
    year = {2010},
    url = {http://dx.doi.org/10.1103/PhysRevE.82.025401}
    }
